@misc{microservices,
  author = {Maria Deutscher},
  title = {{New study shows rapid growth in microservices adoption among enterprises}},
  howpublished = "\url{https://aws.amazon.com/microservices/}",
  year = {2018}, 
  note = "[Online; Accessed 19/5/2022]"
}

@misc{microservices-monolithic-manager,
  author = {IBM},
  title = {{Containerization}},
  howpublished = "\url{https://www.ibm.com/cloud/learn/containerization}",
  year = {2022}, 
  note = "[Online; Accessed 19/5/2022]"
}

@misc{why-k8s,
  author = {Mengying Li},
  title = {{Why Do We Use Kubernetes, Anyway?}},
  howpublished = "\url{https://betterprogramming.pub/why-do-we-use-kubernetes-anyway-644544082f43}",
  year = {2022}, 
  note = "[Online; Accessed 19/5/2022]"
}

@misc{what-is-containerisation,
  author = {IBM},
  title = {{What is container orchestration?  }},
  howpublished = "\url{https://www.vmware.com/topics/glossary/content/container-orchestration.html#:~:text=Container%20orchestration%20is%20the%20automation,networking%2C%20load%20balancing%20and%20more.}",
  year = {2022}, 
  note = "[Online; Accessed 19/5/2022]"
}
@misc{microservices-containers,
  author = {Roman Bessonov},
  title = {{Microservices and containerization: 4 things every IT manager needs to know}},
  howpublished = "\url{https://nordcloud.com/microservices-and-containerisation-four-things-to-know}",
  year = {2018}, 
  note = "[Online; Accessed 19/5/2022]"
}

@misc{kubernetes,
  author = {The Kubernetes Authors},
  title = {{What is Kubernetes?}},
  howpublished = "\url{https://kubernetes.io/docs/concepts/overview/what-is-kubernetes/}",
  year = {2022}, 
  note = "[Online; Accessed 26/4/2022]"
}

@misc{csi-docs,
  author = {The Kubernetes Authors},
  title = {{Kubernetes CSI Documentation}},
  howpublished = "\url{https://kubernetes-csi.github.io/docs/}",
  year = {2022}, 
  note = "[Online; Accessed 26/4/2022]"
}

@misc{csi-attacher-github,
  author = {The Kubernetes Authors},
  title = {{CSI attacher}},
  howpublished = "\url{https://github.com/kubernetes-csi/external-attacher/blob/master/README.md}",
  year = {2022}, 
  note = "[Online; Accessed 26/4/2022]"
}

@misc{admission-webhook,
  author = {The Kubernetes Authors},
  title = {{Dynamic Admission Control}},
  howpublished = "\url{https://kubernetes.io/docs/reference/Access-authn-authz/extensible-admission-controllers}",
  year = {2022}, 
  note = "[Online; Accessed 26/4/2022]"
}		
@misc{kubernetes-architecture-vm,
  author = {The Kubernetes Authors},
  title = {{Kubernetes Architecture}},
  howpublished = "\url{https://www.aquasec.com/cloud-native-academy/kubernetes-101/kubernetes-architecture/}",
  year = {2022}, 
  note = "[Online; Accessed 27/4/2022]"
}		

@misc{kubernetes-architecture,
  author = {The Kubernetes Authors},
  title = {{Kubernetes Architecture}},
  howpublished = "\url{https://kubernetes.io/docs/concepts/overview/components/}",
  year = {2022}, 
  note = "[Online; Accessed 27/4/2022]"
}		 

@misc{lvm-structure,
  author = {opensource.com},
  title = {{LVM Architecture}},
  howpublished = "\url{https://opensource.com/business/16/9/linux-users-guide-lvm}",
  year = {2022}, 
  note = "[Online; Accessed 27/4/2022]"
}		 

@misc{lvm-structure-2,
  author = {The Geek Diary},
  title = {{LVM Architecture}},
  howpublished = "\url{https://www.thegeekdiary.com/redhat-centos-a-beginners-guide-to-lvm-logical-volume-manager/}",
  year = {2021}, 
  note = "[Online; Accessed 27/4/2022]"
}		 

@misc{github-overview-k8s-main-concepts,
  author = {Vaquar Khan},
  title = {{Overview of Kubernetes architecture and main concepts.}},
  howpublished = "\url{https://github.com/vaquarkhan/Techies-Notes-wiki/blob/master/Overview-of-Kubernetes-architecture-and-main-concepts.md}",
  year = {2019}, 
  note = "[Online; Accessed 28/4/2022]"
}		 

@misc{Kubernet98:online,
author = {Fatima Silveira},
title = {Kubernetes for dummies: Life of a Pod},
howpublished = {\url{https://itnext.io/kubernetes-for-dummies-life-of-a-pod-fc8158e27aa}},
year = {2017},
note = {[Online; Accessed on 06/11/2022]}
}

@misc{Kubernet97:online,
author = {Seyi Ewegbemi},
title = {Kubernetes Storage Classes: An Introduction | Kubermatic},
howpublished = {\url{https://www.kubermatic.com/blog/keeping-the-state-of-apps-5-introduction-to-storage-classes/}},
month = {July},
year = {2021},
note = {[Online; Accessed on 06/11/2022]}
}

@misc{PodLifec57:online,
author = {Kubernetes Team},
title = {Pod Lifecycle | Kubernetes},
howpublished = {\url{https://kubernetes.io/docs/concepts/workloads/pods/pod-lifecycle/}},
month = {March},
year = {2022},
note = {[Online; Accessed on 06/11/2022]}
}

@misc{Disrupti87:online,
author = {Kubernetes Team},
title = {Disruptions | Kubernetes},
howpublished = {\url{https://kubernetes.io/docs/concepts/workloads/pods/disruptions/}},
month = {November},
year = {2021},
note = {[Online; Accessed on 06/11/2022]}
}

@misc{StorageC2:online,
author = {Kubernetes Team},
title = {Storage Classes | Kubernetes},
howpublished = {\url{https://kubernetes.io/docs/concepts/storage/storage-classes/}},
month = {April},
year = {2022},
note = {[Online; Accessed on 06/11/2022]}
}

% https://github.com/vaquarkhan/Techies-Notes-wiki/blob/master/Overview-of-Kubernetes-architecture-and-main-concepts.md
% https://itnext.io/kubernetes-for-dummies-life-of-a-pod-fc8158e27aa?gi=fd2076b4d2ad
% https://www.kubermatic.com/blog/keeping-the-state-of-apps-5-introduction-to-storage-classes/
% https://kubernetes.io/docs/concepts/workloads/pods/pod-lifecycle/
% https://kubernetes.io/docs/concepts/workloads/pods/disruptions/
% https://kubernetes.io/docs/concepts/storage/storage-classes/

@misc{Kubernet82:online,
author = {Kubernetes Team},
title = {Kubernetes Scheduler | Kubernetes},
howpublished = {\url{https://kubernetes.io/docs/concepts/scheduling-eviction/kube-scheduler/}},
month = {December},
year = {2021},
note = {[Online; Accessed on 06/11/2022]}
}
% https://kubernetes.io/docs/concepts/scheduling-eviction/kube-scheduler/

@misc{Usingthe50:online,
author = {Misc},
title = {Using the Cluster Autoscaler - The Cluster API Book},
howpublished = {\url{https://cluster-api.sigs.k8s.io/tasks/cluster-autoscaler.html}},
year = {2021},
note = {[Online; Accessed on 06/11/2022]}
}
% https://cluster-api.sigs.k8s.io/tasks/cluster-autoscaler.html

@misc{TheGuide37:online,
author = {Misc},
title = {The Guide To Kubernetes Cluster Autoscaler by Example},
howpublished = {\url{https://www.kubecost.com/kubernetes-autoscaling/kubernetes-cluster-autoscaler/}},
year = {2021},
note = {[Online; Accessed on 06/11/2022]}
}
% https://www.kubecost.com/kubernetes-autoscaling/kubernetes-cluster-autoscaler/

@misc{Managedn83:online,
author = {Misc},
title = {Managed node groups - Amazon EKS},
howpublished = {\url{https://docs.aws.amazon.com/eks/latest/userguide/managed-node-groups.html}},
year = {2021},
note = {[Online; Accessed on 06/11/2022]}
}
% https://docs.aws.amazon.com/eks/latest/userguide/managed-node-groups.html

@misc{autoscal37:online,
author = {Autoscaler Team},
title = {autoscaler/FAQÂ· Kubernetes/autoscaler},
howpublished = {\url{https://github.com/kubernetes/autoscaler/blob/master/cluster-autoscaler/FAQ.md}},
year = {2021},
note = {[Online; Accessed on 06/11/2022]}
}

@misc{Document96:online,
author = {Misc},
title = {Documentation - The Go Programming Language},
howpublished = {\url{https://go.dev/doc/}},
year = {2021},
note = {[Online; Accessed on 06/11/2022]}
}

@misc{speccsip31:online,
author = {Kubernetes Team},
title = {spec/csi.proto - storage-interface/spec},
howpublished = {\url{https://github.com/container-storage-interface/spec/blob/master/csi.proto}},
note = {[Online; Accessed on 06/11/2022]}
}

@misc{gRPC5:online,
author = {Misc},
title = {gRPC},
howpublished = {\url{https://grpc.io/}},
note = {[Online; Accessed on 06/11/2022]}
}

@misc{gRPCWiki0:online,
author={Wikipedia Contributors},
title = {gRPC - Wikipedia},
howpublished = {\url{https://en.wikipedia.org/wiki/GRPC}},
note = {[Online; Accessed on 06/11/2022]}
}

@misc{GettoKno50:online,
author = {Misc},
title = {Get to Know Container Storage Interface [Online;  CSI] - Alibaba Cloud Community},
howpublished = {\url{https://www.alibabacloud.com/blog/get-to-know-container-storage-interface-csi_598094}},
month = {September},
year = {2021},
note = {[Online; Accessed on 06/11/2022]}
}
% https://www.alibabacloud.com/blog/get-to-know-container-storage-interface-csi_598094


@misc{SafelyDr17:online,
author = {Kubernetes Team},
title = {Safely Drain a Node | Kubernetes},
howpublished = {\url{https://kubernetes.io/docs/tasks/administer-cluster/safely-drain-node/}},
month = {March},
year = {2022},
note = {[Online; Accessed on 06/11/2022]}
}
% https://kubernetes.io/docs/tasks/administer-cluster/safely-drain-node/

@misc{APIiniti43:online,
author = {Kubernetes Team},
title = {API-initiated Eviction | Kubernetes},
howpublished = {\url{https://kubernetes.io/docs/concepts/scheduling-eviction/api-eviction/}},
month = {Jube},
year = {2021},
note = {[Online; Accessed on 06/11/2022]}
}
% https://kubernetes.io/docs/concepts/scheduling-eviction/api-eviction/

@misc{WhatisaK92:online,
author = {Misc},
title = {What is a Kubernetes operator?},
howpublished = {\url{https://www.redhat.com/en/topics/containers/what-is-a-kubernetes-operator}},
month = {May},
year = {2022},
note = {[Online; Accessed on 06/11/2022]}
}
% https://www.redhat.com/en/topics/containers/what-is-a-kubernetes-operator

@misc{libopens84:online,
author={The Stork Authors},
title = {libopenstorage/stork: Stork - Storage Orchestration Runtime for Kubernetes},
howpublished = {\url{https://github.com/libopenstorage/stork}},
year = {2022},
note = {[Online; Accessed on 06/11/2022]}
}
% This approach is also described on Stork custom scheduler: https://github.com/libopenstorage/stork

@misc{StorageC7:online,
author = {The Kubernetes Authors},
title = {Storage Capacity Tracking reaches GA in Kubernetes 1.24 | Kubernetes},
howpublished = {\url{https://kubernetes.io/blog/2022/05/06/storage-capacity-ga/}},
note = {[Online; Accessed on 06/11/2022]}
}
% https://kubernetes.io/blog/2022/05/06/storage-capacity-ga/

@misc{StorageC68:online,
author = {The Kubernetes Authors},
title = {Storage Capacity | Kubernetes},
howpublished = {\url{https://kubernetes.io/docs/concepts/storage/storage-capacity/}},
month = {March},
year = {2022},
note = {[Online; Accessed on 06/11/2022]}
}
% https://kubernetes.io/docs/concepts/storage/storage-capacity/

@misc{Configur87:online,
author = {The Kubernetes Authors},
title = {Configure Multiple Schedulers | Kubernetes},
howpublished = {\url{https://kubernetes.io/docs/tasks/extend-kubernetes/configure-multiple-schedulers/}},
month = {December},
year = {2021},
note = {[Online; Accessed on 06/11/2022]}
}

% https://kubernetes.io/docs/tasks/extend-kubernetes/configure-multiple-schedulers/
@misc{kubernet85:online,

author = {The Kubernetes Authors},
title = {kubernetes-csi/external-provisioner: Sidecar container that watches Kubernetes \co{PersistentVolumeClaim} objects},
howpublished = {\url{https://github.com/kubernetes-csi/external-provisioner}},
year = {2021},
note = {[Online; Accessed on 06/11/2022]}
}
% https://github.com/kubernetes-csi/external-provisioner

@misc{Whatisan46:online,
author = {Ivy Wigmore},
title = {What is an Amazon EC2 instance?},
howpublished = {\url{https://www.techtarget.com/searchaws/definition/Amazon-EC2-instances}},
month = {July},
year = {2021},
note = {[Online; Accessed on 06/11/2022]}
}k
% https://www.techtarget.com/searchaws/definition/Amazon-EC2-instances

@misc{Binpacki7:online,
author={Wikipedia Contributors},
title = {Bin packing problem - Wikipedia},
howpublished = {\url{https://en.wikipedia.org/wiki/Bin_packing_problem}},
note = {[Online; Accessed on 06/11/2022]}
}

@book{9781492046530,
    title = {Kubernetes: Up and Running},
    publisher = {OâReilly Media, Inc.},
    author = {Brendan Burns and Joe Beda and Kelsey Hightower},
    year = {2022},
    month = {06},
    day = {11},
    pagecount = {255},
    isbn = {9781492046530}
}

@book{1521823634,
    title = {The Kubernetes Book},
    publisher      = {Shroff/Poulton},
    author = {Nigel Poulton [Online;  Telecommunications engineer]},
    year = {2017},
    month = {07},
    day = {12},
    pagecount = {159},
    isbn = {9781521823637}
}

@misc{PodLifec76:online,
author = {The Kubernetes Authors},
title = {Pod Lifecycle | Kubernetes},
howpublished = {\url{https://kubernetes.io/docs/concepts/workloads/pods/pod-lifecycle/}},
month = {},
year = {},
note = {(Accessed on 06/15/2022)}
}

@misc{Kubernet851:online,
author = {The Kubernetes Authors},
title = {Kubernetes API Reference Docs},
howpublished = {\url{https://kubernetes.io/docs/reference/generated/kubernetes-api/v1.24/#podcondition-v1-core}},
note = {(Accessed on 06/15/2022)}
}
@misc{AGuideto50:online,
author = {The Kubernetes Authors},
title = {A Guide to Kubernetes Admission Controllers | Kubernetes},
howpublished = {\url{https://kubernetes.io/blog/2019/03/21/a-guide-to-kubernetes-admission-controllers/}},
month = {},
year = {2019},
note = {(Accessed on 06/15/2022)}
}

@misc{TheKuber55:online,
author = {The Kubernetes Authors},
title = {The Kubernetes API | Kubernetes},
howpublished = {\url{https://kubernetes.io/docs/concepts/overview/kubernetes-api/}},
month = {},
year = {},
note = {(Accessed on 06/15/2022)}
}

% TODO read this and augment requests and limits
@misc{Kubernet95:online,
author = {Sandeep Dinesh},
title = {Kubernetes requests vs limits: Why adding them to your Pods and Namespaces matters | Google Cloud Blog},
howpublished = {\url{https://cloud.google.com/blog/products/containers-kubernetes/kubernetes-best-practices-resource-requests-and-limits}},
month = {},
year = {},
note = {(Accessed on 06/15/2022)}
}

@misc{Allocata54:online,
author = {Daniele Polencic},
title = {Allocatable memory and CPU in Kubernetes Nodes},
howpublished = {\url{https://learnk8s.io/allocatable-resources}},
month = {},
year = {},
note = {(Accessed on 06/15/2022)}
}

@misc{Debuggin40:online,
author = {Aniket Bhattacharyea},
title = {Debugging Your Kubernetes Nodes in the âNot Readyâ State | nodenotready},
howpublished = {\url{https://www.containiq.com/post/debugging-kubernetes-nodes-in-not-ready-state}},
month = {},
year = {},
note = {(Accessed on 06/15/2022)}
}

@misc{Kubernet83:online,
author = {Densify},
title = {Kubernetes Taints and Tolerations - Guide and Examples | Densify},
howpublished = {\url{https://www.densify.com/kubernetes-autoscaling/kubernetes-taints}},
month = {},
year = {},
note = {(Accessed on 06/15/2022)}
}

@misc{LetsLear92:online,
author = {Mayuri Dhote},
title = {Let's Learn About Kubernetes Cordon with it's Illustration: - Knoldus Blogs},
howpublished = {\url{https://blog.knoldus.com/lets-learn-about-kubernetes-cordon-with-its-illustration/}},
month = {},
year = {},
note = {(Accessed on 06/15/2022)}
}

@misc{Kubernet43:online,
author = {Sun Zhiheng},
title = {Kubernetes Persistent Storage Process - Alibaba Cloud Community},
howpublished = {\url{https://www.alibabacloud.com/blog/kubernetes-persistent-storage-process_596505}},
month = {},
year = {},
note = {(Accessed on 06/15/2022)}
}

@misc{Kustomiz3:online,
author = {Densify},
title = {Kustomize Tutorial With Instructions \& Examples | Densify},
howpublished = {\url{https://www.densify.com/kubernetes-tools/kustomize}},
month = {},
year = {},
note = {(Accessed on 06/17/2022)}
}

@misc{kubernet54:online,
author = {HashiCorp},
title = {kubernetes\_deployment | Resources | hashicorp/kubernetes | Terraform Registry},
howpublished = {\url{https://registry.terraform.io/providers/hashicorp/kubernetes/latest/docs/resources/deployment}},
month = {},
year = {},
note = {(Accessed on 06/27/2022)}
}

% https://en.wikipedia.org/wiki/Bin_packing_problem
%TODO node affinity - Accessible

@misc{Deployin53:online,
author = {The Kubernetes Authos},
title = {Deploying a CSI Driver on Kubernetes - Kubernetes CSI Developer Documentation},
howpublished = {\url{https://kubernetes-csi.github.io/docs/deploying.html}},
month = {},
year = {},
note = {(Accessed on 06/29/2022)}
}

@misc{ArriktoM13:online,
author = {Arrikto},
title = {Arrikto MLOps | Scalable Machine Learning Models, Delivered.},
howpublished = {\url{https://www.arrikto.com/}},
month = {},
year = {},
note = {(Accessed on 06/29/2022)}
}

@misc{Howtofix70:online,
author = {Komodor},
title = {How to fix Kubernetes Node Not Ready error | Komodor},
howpublished = {\url{https://komodor.com/learn/how-to-fix-kubernetes-node-not-ready-error/#:~:text=Common%20reasons%20for%20a%20Kubernetes,networking%20agent%20on%20the%20node).}},
month = {},
year = {},
note = {(Accessed on 07/08/2022)}
}

@misc{Confirmy88:online,
author = {The Kubernetes Authors},
title = {Confirm your account recovery settings},
howpublished = {\url{https://github.com/kubernetes-sigs/controller-runtime}},
month = {},
year = {},
note = {(Accessed on 07/08/2022)}
}
@misc{kubernet89:online,
author = {The Kubernetes Authors},
title = {kubernetes-sigs/controller-runtime: Repo for the controller-runtime subproject of kubebuilder (sig-apimachinery)},
howpublished = {\url{https://github.com/kubernetes-sigs/controller-runtime}},
month = {},
year = {},
note = {(Accessed on 07/08/2022)}
}
% TODO: Fix capitals


@misc{Kubernet543:online,
author = {Velotio Technologies},
title = {Kubernetes CSI in Action: Explained with Features and Use Cases | by Velotio Technologies | Velotio Perspectives | Medium},
howpublished = {\url{https://medium.com/velotio-perspectives/kubernetes-csi-in-action-explained-with-features-and-use-cases-4f966b910774}},
month = {September},
year = {2019},
note = {(Accessed on 07/12/2022)}
}